<?xml version="1.0" encoding="UTF-8"?><collection xmlns="http://www.loc.gov/MARC21/slim"><record><leader>00416nam--2200121-i-4500</leader><controlfield tag="001">000021226</controlfield><controlfield tag="002">20161230</controlfield><controlfield tag="005">20161230201034</controlfield><controlfield tag="008">060222s1000------------r-----000-0-eng-d</controlfield><datafield ind1=" " ind2=" " tag="245"><subfield code="a">Handbook of semiconductor electronics. a practical manual covering the physics technology and circuit applications of transistors, diodes and photocells</subfield></datafield><datafield ind1=" " ind2=" " tag="260"><subfield code="a">New York, Mc Graw, 1956. P.Dif</subfield></datafield><datafield ind1=" " ind2=" " tag="700"><subfield code="a">Lloyd Hunter</subfield></datafield><datafield ind1=" " ind2=" " tag="852"><subfield code="a">12609</subfield></datafield></record></collection>